<record><leader>00000cas a22000007a 4500</leader><controlfield tag="001">9237292</controlfield><controlfield tag="008">830218d18481849mauwr ne      0    0eng d</controlfield><controlfield tag="009">3768</controlfield><datafield ind1=" " ind2=" " tag="010"><subfield code="a">sn 83020056 </subfield></datafield><datafield ind1=" " ind2=" " tag="040"><subfield code="a">NPX</subfield><subfield code="b">eng</subfield><subfield code="c">NPX</subfield><subfield code="d">MGN</subfield></datafield><datafield ind1=" " ind2=" " tag="042"><subfield code="a">msc</subfield></datafield><datafield ind1="0" ind2=" " tag="130"><subfield code="a">Vanguard (Lawrence, Mass.)</subfield></datafield><datafield ind1="0" ind2="4" tag="245"><subfield code="a">The vanguard.</subfield></datafield><datafield ind1=" " ind2=" " tag="260"><subfield code="a">Lawrence, Mass. :</subfield><subfield code="b">Fabyan &amp; Douglass,</subfield></datafield><datafield ind1=" " ind2=" " tag="300"><subfield code="a">v.</subfield></datafield><datafield ind1=" " ind2=" " tag="310"><subfield code="a">Weekly</subfield></datafield><datafield ind1="0" ind2=" " tag="362"><subfield code="a">Vol. 1, no. 1 (Sept. 2, 1848)-v. 1, no. 52 (Sept. 1, 1849).</subfield></datafield><datafield ind1=" " ind2=" " tag="752"><subfield code="a">United States</subfield><subfield code="b">Massachusetts</subfield><subfield code="c">Essex</subfield><subfield code="d">Lawrence.</subfield></datafield><datafield ind1="0" ind2="0" tag="785"><subfield code="t">Lawrence sentinel (Lawrence, Mass. : 1849)</subfield><subfield code="w">(DLC)sn 83020057</subfield></datafield></record>